<?xml version="1.0" encoding="UTF-8"?>
<Document xmlns="urn:iso:std:iso:20022:tech:xsd:camt.054.001.04" xmlns:xsi="http://www.w3.org/2001/XMLSchema-instance" xsi:schemaLocation="urn:iso:std:iso:20022:tech:xsd:camt.054.001.04 camt.054.001.04.xsd"><BkToCstmrDbtCdtNtfctn><GrpHdr><MsgId>4225AHHG/101413/943226</MsgId><CreDtTm>2017-07-06T10:14:13.942</CreDtTm><MsgPgntn><PgNb>1</PgNb><LastPgInd>true</LastPgInd></MsgPgntn><AddtlInf>Test</AddtlInf></GrpHdr><Ntfctn><Id>4225AHHG/101413/943226</Id><CreDtTm>2017-07-06T10:14:13.942</CreDtTm><FrToDt><FrDtTm>2017-07-06T00:00:00</FrDtTm><ToDtTm>2017-07-06T23:59:00</ToDtTm></FrToDt><Acct><Id><IBAN>CH3209000000600024207</IBAN></Id><Ownr><Nm>fachwerk Kommunikation AG Sursee</Nm></Ownr></Acct><Ntry><NtryRef>010001628</NtryRef><Amt Ccy="CHF">5500</Amt><CdtDbtInd>CRDT</CdtDbtInd><RvslInd>false</RvslInd><Sts>BOOK</Sts><BookgDt><Dt>2017-07-06</Dt></BookgDt><ValDt><Dt>2017-07-06</Dt></ValDt><AcctSvcrRef>014233765393709800000005</AcctSvcrRef><BkTxCd><Domn><Cd>PMNT</Cd><Fmly><Cd>RCDT</Cd><SubFmlyCd>VCOM</SubFmlyCd></Fmly></Domn></BkTxCd><Chrgs><TtlChrgsAndTaxAmt Ccy="CHF">6.57</TtlChrgsAndTaxAmt><Rcrd><Amt Ccy="CHF">6.45</Amt><CdtDbtInd>DBIT</CdtDbtInd><ChrgInclInd>false</ChrgInclInd><Tp><Prtry><Id>2</Id></Prtry></Tp></Rcrd><Rcrd><Amt Ccy="CHF">0.12</Amt><CdtDbtInd>DBIT</CdtDbtInd><ChrgInclInd>false</ChrgInclInd><Tp><Prtry><Id>4</Id></Prtry></Tp></Rcrd></Chrgs><NtryDtls><Btch><NbOfTxs>10</NbOfTxs></Btch><TxDtls><Refs><AcctSvcrRef>20170706101413000000004000000001</AcctSvcrRef><Prtry><Tp>01</Tp><Ref>20170706101413000000004</Ref></Prtry></Refs><Amt Ccy="CHF">100</Amt><CdtDbtInd>CRDT</CdtDbtInd><BkTxCd><Domn><Cd>PMNT</Cd><Fmly><Cd>CNTR</Cd><SubFmlyCd>CDPT</SubFmlyCd></Fmly></Domn></BkTxCd><Chrgs><TtlChrgsAndTaxAmt Ccy="CHF">1.2</TtlChrgsAndTaxAmt><Rcrd><Amt Ccy="CHF">1.2</Amt><CdtDbtInd>DBIT</CdtDbtInd><ChrgInclInd>false</ChrgInclInd><Tp><Prtry><Id>2</Id></Prtry></Tp></Rcrd></Chrgs><RmtInf><Strd><CdtrRefInf><Tp><CdOrPrtry><Prtry>ISR Reference</Prtry></CdOrPrtry></Tp><Ref>111111111111111111111111110</Ref></CdtrRefInf><AddtlRmtInf>?REJECT?0</AddtlRmtInf></Strd></RmtInf><RltdDts><AccptncDtTm>2017-07-04T10:14:13.937</AccptncDtTm></RltdDts></TxDtls><TxDtls><Refs><AcctSvcrRef>20170706101413000000006000000002</AcctSvcrRef><Prtry><Tp>01</Tp><Ref>20170706101413000000006</Ref></Prtry></Refs><Amt Ccy="CHF">200</Amt><CdtDbtInd>CRDT</CdtDbtInd><BkTxCd><Domn><Cd>PMNT</Cd><Fmly><Cd>CNTR</Cd><SubFmlyCd>CDPT</SubFmlyCd></Fmly></Domn></BkTxCd><Chrgs><TtlChrgsAndTaxAmt Ccy="CHF">1.75</TtlChrgsAndTaxAmt><Rcrd><Amt Ccy="CHF">1.75</Amt><CdtDbtInd>DBIT</CdtDbtInd><ChrgInclInd>false</ChrgInclInd><Tp><Prtry><Id>2</Id></Prtry></Tp></Rcrd></Chrgs><RmtInf><Strd><CdtrRefInf><Tp><CdOrPrtry><Prtry>ISR Reference</Prtry></CdOrPrtry></Tp><Ref>222222222222222222222222222</Ref></CdtrRefInf><AddtlRmtInf>?REJECT?0</AddtlRmtInf></Strd></RmtInf><RltdDts><AccptncDtTm>2017-07-04T10:14:13.937</AccptncDtTm></RltdDts></TxDtls><TxDtls><Refs><AcctSvcrRef>20170706101413000000007000000003</AcctSvcrRef><Prtry><Tp>01</Tp><Ref>20170706101413000000007</Ref></Prtry></Refs><Amt Ccy="CHF">300</Amt><CdtDbtInd>CRDT</CdtDbtInd><BkTxCd><Domn><Cd>PMNT</Cd><Fmly><Cd>RCDT</Cd><SubFmlyCd>AUTT</SubFmlyCd></Fmly></Domn></BkTxCd><RltdPties><Dbtr><Nm>D001</Nm><PstlAdr><StrtNm>Musterstrasse</StrtNm><BldgNb>3</BldgNb><PstCd>3333</PstCd><TwnNm>Musterstadt</TwnNm><Ctry>CH</Ctry></PstlAdr></Dbtr></RltdPties><RmtInf><Strd><CdtrRefInf><Tp><CdOrPrtry><Prtry>ISR Reference</Prtry></CdOrPrtry></Tp><Ref>333333333333333333333333334</Ref></CdtrRefInf><AddtlRmtInf>?REJECT?0</AddtlRmtInf></Strd></RmtInf><RltdDts><AccptncDtTm>2017-07-05T10:14:13.937</AccptncDtTm></RltdDts></TxDtls><TxDtls><Refs><AcctSvcrRef>20170706101413000000008000000004</AcctSvcrRef><Prtry><Tp>01</Tp><Ref>20170706101413000000008</Ref></Prtry></Refs><Amt Ccy="CHF">400</Amt><CdtDbtInd>CRDT</CdtDbtInd><BkTxCd><Domn><Cd>PMNT</Cd><Fmly><Cd>RCDT</Cd><SubFmlyCd>AUTT</SubFmlyCd></Fmly></Domn></BkTxCd><RltdPties><Dbtr><Nm>D001</Nm><PstlAdr><StrtNm>Musterstrasse</StrtNm><BldgNb>4</BldgNb><PstCd>4444</PstCd><TwnNm>Musterstadt</TwnNm><Ctry>CH</Ctry></PstlAdr></Dbtr></RltdPties><RmtInf><Strd><CdtrRefInf><Tp><CdOrPrtry><Prtry>ISR Reference</Prtry></CdOrPrtry></Tp><Ref>444444444444444444444444444</Ref></CdtrRefInf><AddtlRmtInf>?REJECT?0</AddtlRmtInf></Strd></RmtInf><RltdDts><AccptncDtTm>2017-07-05T10:14:13.937</AccptncDtTm></RltdDts></TxDtls><TxDtls><Refs><AcctSvcrRef>20170706101413000000009000000005</AcctSvcrRef><Prtry><Tp>01</Tp><Ref>20170706101413000000009</Ref></Prtry></Refs><Amt Ccy="CHF">500</Amt><CdtDbtInd>CRDT</CdtDbtInd><BkTxCd><Domn><Cd>PMNT</Cd><Fmly><Cd>RCDT</Cd><SubFmlyCd>AUTT</SubFmlyCd></Fmly></Domn></BkTxCd><RltdPties><Dbtr><Nm>D001</Nm><PstlAdr><StrtNm>Musterstrasse</StrtNm><BldgNb>5</BldgNb><PstCd>5555</PstCd><TwnNm>Musterstadt</TwnNm><Ctry>CH</Ctry></PstlAdr></Dbtr></RltdPties><RmtInf><Strd><CdtrRefInf><Tp><CdOrPrtry><Prtry>ISR Reference</Prtry></CdOrPrtry></Tp><Ref>555555555555555555555555559</Ref></CdtrRefInf><AddtlRmtInf>?REJECT?0</AddtlRmtInf></Strd></RmtInf><RltdDts><AccptncDtTm>2017-07-05T10:14:13.937</AccptncDtTm></RltdDts></TxDtls><TxDtls><Refs><AcctSvcrRef>20170706101413000000010000000006</AcctSvcrRef><Prtry><Tp>01</Tp><Ref>20170706101413000000010</Ref></Prtry></Refs><Amt Ccy="CHF">600</Amt><CdtDbtInd>CRDT</CdtDbtInd><BkTxCd><Domn><Cd>PMNT</Cd><Fmly><Cd>RCDT</Cd><SubFmlyCd>AUTT</SubFmlyCd></Fmly></Domn></BkTxCd><RltdPties><Dbtr><Nm>D001</Nm><PstlAdr><StrtNm>Musterstrasse</StrtNm><BldgNb>6</BldgNb><PstCd>6666</PstCd><TwnNm>Musterstadt</TwnNm><Ctry>CH</Ctry></PstlAdr></Dbtr></RltdPties><RmtInf><Strd><CdtrRefInf><Tp><CdOrPrtry><Prtry>ISR Reference</Prtry></CdOrPrtry></Tp><Ref>666666666666666666666666664</Ref></CdtrRefInf><AddtlRmtInf>?REJECT?0</AddtlRmtInf></Strd></RmtInf><RltdDts><AccptncDtTm>2017-07-05T10:14:13.937</AccptncDtTm></RltdDts></TxDtls><TxDtls><Refs><AcctSvcrRef>20170706101413000000011000000007</AcctSvcrRef><Prtry><Tp>01</Tp><Ref>20170706101413000000011</Ref></Prtry></Refs><Amt Ccy="CHF">700</Amt><CdtDbtInd>CRDT</CdtDbtInd><BkTxCd><Domn><Cd>PMNT</Cd><Fmly><Cd>RCDT</Cd><SubFmlyCd>AUTT</SubFmlyCd></Fmly></Domn></BkTxCd><RltdPties><Dbtr><Nm>D001</Nm><PstlAdr><StrtNm>Musterstrasse</StrtNm><BldgNb>7</BldgNb><PstCd>7777</PstCd><TwnNm>Musterstadt</TwnNm><Ctry>CH</Ctry></PstlAdr></Dbtr></RltdPties><RmtInf><Strd><CdtrRefInf><Tp><CdOrPrtry><Prtry>ISR Reference</Prtry></CdOrPrtry></Tp><Ref>777777777777777777777777777</Ref></CdtrRefInf><AddtlRmtInf>?REJECT?0</AddtlRmtInf></Strd></RmtInf><RltdDts><AccptncDtTm>2017-07-05T10:14:13.937</AccptncDtTm></RltdDts></TxDtls><TxDtls><Refs><AcctSvcrRef>20170706101413000000012000000008</AcctSvcrRef><Prtry><Tp>04</Tp><Ref>20170706101413000000012</Ref></Prtry></Refs><Amt Ccy="CHF">800</Amt><CdtDbtInd>CRDT</CdtDbtInd><BkTxCd><Domn><Cd>PMNT</Cd><Fmly><Cd>CNTR</Cd><SubFmlyCd>CDPT</SubFmlyCd></Fmly></Domn></BkTxCd><Chrgs><TtlChrgsAndTaxAmt Ccy="CHF">0.04</TtlChrgsAndTaxAmt><Rcrd><Amt Ccy="CHF">0.04</Amt><CdtDbtInd>DBIT</CdtDbtInd><ChrgInclInd>false</ChrgInclInd><Tp><Prtry><Id>4</Id></Prtry></Tp></Rcrd></Chrgs><RltdPties><Dbtr><Nm>D001</Nm><PstlAdr><AdrLine>Musterstrasse 8</AdrLine><AdrLine>8888 Musterstadt</AdrLine></PstlAdr></Dbtr><DbtrAcct><Id><IBAN>CH6309000000250097798</IBAN></Id></DbtrAcct></RltdPties><RltdAgts><DbtrAgt><FinInstnId><BICFI>POFICHBEXXX</BICFI><Nm>POSTFINANCE AG</Nm><PstlAdr><AdrLine>MINGERSTRASSE 20</AdrLine><AdrLine>3030 BERNE</AdrLine></PstlAdr></FinInstnId></DbtrAgt></RltdAgts><RmtInf><Strd><CdtrRefInf><Tp><CdOrPrtry><Prtry>ISR Reference</Prtry></CdOrPrtry></Tp><Ref>888888888888888888888888888</Ref></CdtrRefInf><AddtlRmtInf>?REJECT?0</AddtlRmtInf></Strd></RmtInf><RltdDts><AccptncDtTm>2017-07-04T10:14:13.937</AccptncDtTm></RltdDts></TxDtls><TxDtls><Refs><AcctSvcrRef>20170706101413000000013000000009</AcctSvcrRef><Prtry><Tp>04</Tp><Ref>20170706101413000000013</Ref></Prtry></Refs><Amt Ccy="CHF">900</Amt><CdtDbtInd>CRDT</CdtDbtInd><BkTxCd><Domn><Cd>PMNT</Cd><Fmly><Cd>CNTR</Cd><SubFmlyCd>CDPT</SubFmlyCd></Fmly></Domn></BkTxCd><Chrgs><TtlChrgsAndTaxAmt Ccy="CHF">1.79</TtlChrgsAndTaxAmt><Rcrd><Amt Ccy="CHF">1.75</Amt><CdtDbtInd>DBIT</CdtDbtInd><ChrgInclInd>false</ChrgInclInd><Tp><Prtry><Id>2</Id></Prtry></Tp></Rcrd><Rcrd><Amt Ccy="CHF">0.04</Amt><CdtDbtInd>DBIT</CdtDbtInd><ChrgInclInd>false</ChrgInclInd><Tp><Prtry><Id>4</Id></Prtry></Tp></Rcrd></Chrgs><RmtInf><Strd><CdtrRefInf><Tp><CdOrPrtry><Prtry>ISR Reference</Prtry></CdOrPrtry></Tp><Ref>999999999999999999999999992</Ref></CdtrRefInf><AddtlRmtInf>?REJECT?0</AddtlRmtInf></Strd></RmtInf><RltdDts><AccptncDtTm>2017-07-04T10:14:13.937</AccptncDtTm></RltdDts></TxDtls><TxDtls><Refs><AcctSvcrRef>20170706101413000000014000000010</AcctSvcrRef><Prtry><Tp>04</Tp><Ref>20170706101413000000014</Ref></Prtry></Refs><Amt Ccy="CHF">1000</Amt><CdtDbtInd>CRDT</CdtDbtInd><BkTxCd><Domn><Cd>PMNT</Cd><Fmly><Cd>CNTR</Cd><SubFmlyCd>CDPT</SubFmlyCd></Fmly></Domn></BkTxCd><Chrgs><TtlChrgsAndTaxAmt Ccy="CHF">1.79</TtlChrgsAndTaxAmt><Rcrd><Amt Ccy="CHF">1.75</Amt><CdtDbtInd>DBIT</CdtDbtInd><ChrgInclInd>false</ChrgInclInd><Tp><Prtry><Id>2</Id></Prtry></Tp></Rcrd><Rcrd><Amt Ccy="CHF">0.04</Amt><CdtDbtInd>DBIT</CdtDbtInd><ChrgInclInd>false</ChrgInclInd><Tp><Prtry><Id>4</Id></Prtry></Tp></Rcrd></Chrgs><RmtInf><Strd><CdtrRefInf><Tp><CdOrPrtry><Prtry>ISR Reference</Prtry></CdOrPrtry></Tp><Ref>101010101010101010101010103</Ref></CdtrRefInf><AddtlRmtInf>?REJECT?0</AddtlRmtInf></Strd></RmtInf><RltdDts><AccptncDtTm>2017-07-04T10:14:13.937</AccptncDtTm></RltdDts></TxDtls></NtryDtls><AddtlNtryInf>SAMMELGUTSCHRIFT ESR</AddtlNtryInf></Ntry></Ntfctn></BkToCstmrDbtCdtNtfctn></Document>
